% vim : set tabstop=2 shiftwidth=2 expandtab:

@misc{barik2023invex,
	title={Invex Programs: First Order Algorithms and Their Convergence}, 
	author={Adarsh Barik and Suvrit Sra and Jean Honorio},
	year={2023},
	eprint={2307.04456},
	archivePrefix={arXiv},
	primaryClass={math.OC},
	url={https://arxiv.org/pdf/2307.04456.pdf},
	%url={/home/lorenz/Downloads/2307.04456.pdf}
}

@misc{guilleescuret2022gradient,
      title={Gradient Descent Is Optimal Under Lower Restricted Secant Inequality And Upper Error Bound}, 
      author={Charles Guille-Escuret and Adam Ibrahim and Baptiste Goujaud and Ioannis Mitliagkas},
      year={2022},
      eprint={2203.00342},
      archivePrefix={arXiv},
      primaryClass={math.OC},
      url={https://arxiv.org/pdf/2203.00342.pdf},
}

@misc{zhou_continuous_gradient, 
	title={Lipschitz continuous gradient}, 
	url={https://xingyuzhou.org/blog/notes/Lipschitz-gradient}, 
	journal={Xingyu Zhouâ€™s blog}, 
	author={Zhou, Xingyu}
}

@inproceedings{structured_nonconvex_functions,
  author       = {Robert M. Gower and
                  Othmane Sebbouh and
                  Nicolas Loizou},
  editor       = {Arindam Banerjee and
                  Kenji Fukumizu},
  title        = {{SGD} for Structured Nonconvex Functions: Learning Rates, Minibatching
                  and Interpolation},
  booktitle    = {The 24th International Conference on Artificial Intelligence and Statistics,
                  {AISTATS} 2021, April 13-15, 2021, Virtual Event},
  series       = {Proceedings of Machine Learning Research},
  volume       = {130},
  pages        = {1315--1323},
  publisher    = {{PMLR}},
  year         = {2021},
  url          = {https://arxiv.org/pdf/2006.10311.pdf},
  timestamp    = {Wed, 14 Apr 2021 18:58:38 +0200},
  biburl       = {https://dblp.org/rec/conf/aistats/GowerSL21.bib},
  bibsource    = {dblp computer science bibliography, https://dblp.org}
}

@misc{star_convexity_nmf,
title={Star-Convexity in Non-Negative Matrix Factorization},
author={Johan Bjorck and Carla Gomes and Kilian Weinberger},
year={2020},
url={https://openreview.net/pdf?id=BylKwnEYvS}
}

@inproceedings{sgd_arbitrary_sampling,
  author       = {Xun Qian and
                  Peter Richt{\'{a}}rik and
                  Robert M. Gower and
                  Alibek Sailanbayev and
                  Nicolas Loizou and
                  Egor Shulgin},
  editor       = {Kamalika Chaudhuri and
                  Ruslan Salakhutdinov},
  title        = {{SGD} with Arbitrary Sampling: General Analysis and Improved Rates},
  booktitle    = {Proceedings of the 36th International Conference on Machine Learning,
                  {ICML} 2019, 9-15 June 2019, Long Beach, California, {USA}},
  series       = {Proceedings of Machine Learning Research},
  volume       = {97},
  pages        = {5200--5209},
  publisher    = {{PMLR}},
  year         = {2019},
  url          = {http://proceedings.mlr.press/v97/qian19b.html},
  timestamp    = {Tue, 11 Jun 2019 15:37:38 +0200},
  biburl       = {https://dblp.org/rec/conf/icml/QianRGSLS19.bib},
  bibsource    = {dblp computer science bibliography, https://dblp.org}
}

@article{acceleration_methods,
  author       = {Alexandre d'Aspremont and
                  Damien Scieur and
                  Adrien B. Taylor},
  title        = {Acceleration Methods},
  journal      = {CoRR},
  volume       = {abs/2101.09545},
  year         = {2021},
  url          = {https://arxiv.org/pdf/2101.09545.pdf},
  eprinttype    = {arXiv},
  eprint       = {2101.09545},
  timestamp    = {Tue, 05 Jul 2022 15:31:34 +0200},
  biburl       = {https://dblp.org/rec/journals/corr/abs-2101-09545.bib},
  bibsource    = {dblp computer science bibliography, https://dblp.org}
}

@misc{garrigos2023handbook,
      title={Handbook of Convergence Theorems for (Stochastic) Gradient Methods}, 
      author={Guillaume Garrigos and Robert M. Gower},
      year={2023},
      eprint={2301.11235},
      archivePrefix={arXiv},
      primaryClass={math.OC},
      url={https://arxiv.org/pdf/2301.11235.pdf},
}

@misc{sublinear_rate,
	title = {{Sublinear rate of convergence in mathematical optimization}},
	author={Borchers, Brian},
	journal = {Mathematics Stack Exchange},
	year = {2023},
	month = dec,
	note = {[Online; accessed 19. Dec. 2023]},
	url = {https://math.stackexchange.com/a/2615629}
}

@inproceedings{newsamp,
  author       = {Murat A. Erdogdu and
                  Andrea Montanari},
  editor       = {Corinna Cortes and
                  Neil D. Lawrence and
                  Daniel D. Lee and
                  Masashi Sugiyama and
                  Roman Garnett},
  title        = {Convergence rates of sub-sampled Newton methods},
  booktitle    = {Advances in Neural Information Processing Systems 28: Annual Conference
                  on Neural Information Processing Systems 2015, December 7-12, 2015,
                  Montreal, Quebec, Canada},
  pages        = {3052--3060},
  year         = {2015},
  url          = {https://proceedings.neurips.cc/paper/2015/hash/404dcc91b2aeaa7caa47487d1483e48a-Abstract.html},
  timestamp    = {Mon, 16 May 2022 15:41:51 +0200},
  biburl       = {https://dblp.org/rec/conf/nips/ErdogduM15.bib},
  bibsource    = {dblp computer science bibliography, https://dblp.org}
}

@article{approximate_newton_method,
  author       = {Haishan Ye and
                  Luo Luo and
                  Zhihua Zhang},
  title        = {Approximate Newton Methods},
  journal      = {J. Mach. Learn. Res.},
  volume       = {22},
  pages        = {66:1--66:41},
  year         = {2021},
  url          = {http://jmlr.org/papers/v22/19-870.html},
  timestamp    = {Mon, 31 Jan 2022 17:23:36 +0100},
  biburl       = {https://dblp.org/rec/journals/jmlr/YeLZ21.bib},
  bibsource    = {dblp computer science bibliography, https://dblp.org}
}

@article{unified_convergence_cubic_newton,
  author       = {El Mahdi Chayti and
                  Nikita Doikov and
                  Martin Jaggi},
  title        = {Unified Convergence Theory of Stochastic and Variance-Reduced Cubic
                  Newton Methods},
  journal      = {CoRR},
  volume       = {abs/2302.11962},
  year         = {2023},
  url          = {https://doi.org/10.48550/arXiv.2302.11962},
  doi          = {10.48550/ARXIV.2302.11962},
  eprinttype    = {arXiv},
  eprint       = {2302.11962},
  timestamp    = {Tue, 28 Feb 2023 14:02:05 +0100},
  biburl       = {https://dblp.org/rec/journals/corr/abs-2302-11962.bib},
  bibsource    = {dblp computer science bibliography, https://dblp.org}
}

@misc{approximate_newton_liu,
	title = {{A Note for Approximate Second-order Methods}},
	author = {Chengchang Liu},
	year = {2023},
	month = dec,
	note = {[Online; accessed 19. Dec. 2023]},
	url = {https://github.com/7CCLiu/7CCLiu.github.io/blob/82c48aafacea01bb432a8d0b789ecf65130a4817/Note_approximate_Newton.pdf}
}
