% vim : set tabstop=2 shiftwidth=2 expandtab:

@misc{barik2023invex,
	title={Invex Programs: First Order Algorithms and Their Convergence}, 
	author={Adarsh Barik and Suvrit Sra and Jean Honorio},
	year={2023},
	eprint={2307.04456},
	archivePrefix={arXiv},
	primaryClass={math.OC},
	url={/home/lorenz/Downloads/2307.04456.pdf}
}
